<?xml version="1.0" encoding="UTF-8"?><record xmlns="http://www.loc.gov/MARC21/slim" xmlns:cinclude="http://apache.org/cocoon/include/1.0" xmlns:zs="http://www.loc.gov/zing/srw/">
  <leader>00865cz  a2200193n  4500</leader>
  <controlfield tag="001">n  80143421 </controlfield>
  <controlfield tag="003">DLC</controlfield>
  <controlfield tag="005">19990707052318.4</controlfield>
  <controlfield tag="008">801113n| acannaabn          |a ana      </controlfield>
  <datafield tag="010" ind1=" " ind2=" ">
    <subfield code="a">n  80143421 </subfield>
  </datafield>
  <datafield tag="035" ind1=" " ind2=" ">
    <subfield code="a">(OCoLC)oca00523602 </subfield>
  </datafield>
  <datafield tag="040" ind1=" " ind2=" ">
    <subfield code="a">DLC</subfield>
    <subfield code="c">DLC</subfield>
    <subfield code="d">NmU</subfield>
    <subfield code="d">TxU</subfield>
  </datafield>
  <datafield tag="110" ind1="2" ind2=" ">
    <subfield code="a">Museo de Arte Colonial de Caracas</subfield>
  </datafield>
  <datafield tag="410" ind1="1" ind2=" ">
    <subfield code="a">Caracas (Venezuela).</subfield>
    <subfield code="b">Museo de Arte Colonial</subfield>
  </datafield>
  <datafield tag="410" ind1="2" ind2=" ">
    <subfield code="a">Quinta de Anauco</subfield>
  </datafield>
  <datafield tag="410" ind1="2" ind2=" ">
    <subfield code="a">Museum of Colonial Art (Caracas, Venezuela)</subfield>
  </datafield>
  <datafield tag="670" ind1=" " ind2=" ">
    <subfield code="a">Duarte, C. F. Museo de Arte ... 1979 (a.e.)</subfield>
    <subfield code="b">t.p. (Museo de Arte Colonial de Caracas)</subfield>
  </datafield>
  <datafield tag="670" ind1=" " ind2=" ">
    <subfield code="a">Quinta de Anauco, 1797-1997, 1997</subfield>
    <subfield code="b">pref. (colonial house, now the site of the Museo de Arte Colonial de Caracas)</subfield>
  </datafield>
  <datafield tag="670" ind1=" " ind2=" ">
    <subfield code="a">Guidebook to the Museum of Colonial Art, 1961:</subfield>
    <subfield code="b">p. 1 (Museum of Colonial Art, Quinta de Anauco, former residence of the Marquis of Toro) p. 5 (inaug. Oct. 12, 1961)</subfield>
  </datafield>
</record>